@book{pdf,
author={Adobe Systems Incorporated},
title={Document Management - Portable Document Format},
year={2008}
}

@book{geron2019hands,
  title={Hands-On Machine Learning with Scikit-Learn, Keras, and TensorFlow: Concepts, Tools, and Techniques to Build Intelligent Systems},
  author={G{\'e}ron, Aur{\'e}lien},
  year={2019},
  publisher={O'Reilly Media}
}

@article{patel2012optical,
  title={Optical character recognition by open source OCR tool tesseract: A case study},
  author={Patel, Chirag and Patel, Atul and Patel, Dharmendra},
  journal={International Journal of Computer Applications},
  volume={55},
  number={10},
  pages={50--56},
  year={2012},
  publisher={Electronic Publication: Digital Object Identifiers (DOIs)}
}

@book{mori1999optical,
  title={Optical character recognition},
  author={Mori, Shunji and Nishida, Hirobumi and Yamada, Hiromitsu},
  year={1999},
  publisher={John Wiley \& Sons, Inc.}
}

@inproceedings{jiang2009converting,
  title={Converting PDF to HTML approach based on Text Detection},
  author={Jiang, Deliang and Yang, Xiaohu},
  booktitle={Proceedings of the 2nd international conference on interaction sciences: Information technology, culture and human},
  pages={982--985},
  year={2009}
}

@misc{pdf2image,
  title={pdf2image},
  author={Python Package Index},
  journal={Hivatalos weboldal},
  howpublished={\url{https://pypi.org/project/pdf2image/}},
  year={2020}
}

@misc{clark2015pillow,
  title={Pillow (PIL Fork) Documentation},
  author={Clark, Alex},
  year={2015},
  publisher={Release}
}

@book{oliphant2006guide,
  title={A guide to NumPy},
  author={Oliphant, Travis E},
  volume={1},
  year={2006},
  publisher={Trelgol Publishing USA}
}

@misc{tesseract,
  title={Deep Learning based Text Recognition (OCR) using Tesseract and OpenCV},
  author={Vaibhaw Singh Chandel},
  year={2018},
  howpublished={\url{www.learnopencv.com}}
}

@book{gulli2017deep,
  title={Deep learning with Keras},
  author={Gulli, Antonio and Pal, Sujit},
  year={2017},
  publisher={Packt Publishing Ltd}
}

@misc{jupyter,
  title={Jupyter},
  author={Project Jupyter},
  journal={Hivatalos weboldal},
  howpublished={\url{https://jupyter.org}},
  year={2020}
}

@book{opencv,
  title={Learning OpenCV: Computer vision with the OpenCV library},
  author={Bradski, Gary and Kaehler, Adrian},
  year={2008},
  publisher={" O'Reilly Media, Inc."}
}

@misc{floodfill,
  title={Flood Fill},
  author={Wikipedia},
  howpublished={\url{https://en.wikipedia.org/wiki/Flood_fill}},
  year={2020}
}

@article{fujisawa1992segmentation,
  title={Segmentation methods for character recognition: from segmentation to document structure analysis},
  author={Fujisawa, Hiromichi and Nakano, Yasuaki and Kurino, Kiyomichi},
  journal={Proceedings of the IEEE},
  volume={80},
  number={7},
  pages={1079--1092},
  year={1992},
  publisher={IEEE}
}
